@book{alonso-z,
  title={Introduccion a la fisica I},
  author={SEPULVEDA, A.A. and Universidad de Antioquia. Facultad de Educacion. Centro de Educacion a Distancia y Extension and Gaviria, G.P. and Fernandez, J.H.B. and Soto, A.S.},
  url={https://books.google.com.co/books?id=D7AUnAEACAAJ},
  year={1983},
  publisher={Universidad de Antioquia}
}

@article{klepner,
author = {Kleppner, Daniel and Kolenkow, Robert},
year = {2010},
month = {05},
pages = {},
title = {An Introduction to Mechanics / D. Kleppner, R.J. Kolenkow.},
journal = {An Introduction to Mechanics, by Daniel Kleppner , Robert J. Kolenkow, Cambridge, UK: Cambridge University Press, 2010},
doi = {10.1017/CBO9780511794780}
}

@book{youngfisica,
  title={F{\'\i}sica universitaria 01},
  author={Young, H.D. and Freedman, R.A. and Sears, F.W. and Flores, V.A.F. and Ford, A.L. and Zemansky, M.W.},
  number={v. 1},
  isbn={9786074422887},
  series={F{\'\i}sica universitaria},
  url={https://books.google.com.co/books?id=qtsXYAAACAAJ},
  publisher={Addison-Wesley ; Pearson Educaci{\'o}n}
}

@book{alonso1967fundamental,
  title={Fundamental University Physics: Mechanics},
  author={Alonso, M. and Finn, E.J.},
  lccn={66010828},
  series={Addison-Wesley series in physics},
  url={https://books.google.com.co/books?id=evRQAAAAMAAJ},
  year={1967},
  publisher={Addison-Wesley Publishing Company}
}

@book{Whitehead:268025,
      author        = "Whitehead, Alfred North and Russell, Bertrand Arthur
                       William",
      title         = "{Principia mathematica; 2nd ed.}",
      publisher     = "Cambridge Univ. Press",
      address       = "Cambridge",
      year          = "1927",
      url           = "https://cds.cern.ch/record/268025",
}

%\bibitem{internet} http://www.unalmed.edu.co/fisica/
